%! Author = asus
%! Date = 2023/9/29

